% Encoding: UTF-8


@Book{chapman2004fortran,
  Title                    = {Fortran 90/95 for scientists and engineers},
  Author                   = {Chapman, Stephen J},
  Publisher                = {McGraw-Hill Higher Education},
  Year                     = {2004}
}

@Book{chivers2018introduction,
  Title                    = {Introduction to Programming with FORTRAN},
  Author                   = {Chivers, Ian D and Sleightholme, Jane},
  Publisher                = {Springer},
  Year                     = {2006},
  Volume                   = {2}
}

@Article{kurganov2002solution,
  Title                    = {Solution of two-dimensional Riemann problems for gas dynamics without Riemann problem solvers},
  Author                   = {Kurganov, Alexander and Tadmor, Eitan},
  Journal                  = {Numerical Methods for Partial Differential Equations: An International Journal},
  Year                     = {2002},
  Number                   = {5},
  Pages                    = {584--608},
  Volume                   = {18},

  Publisher                = {Wiley Online Library}
}

@Article{lax1998solution,
  Title                    = {Solution of two-dimensional Riemann problems of gas dynamics by positive schemes},
  Author                   = {Lax, Peter D and Liu, Xu-Dong},
  Journal                  = {SIAM Journal on Scientific Computing},
  Year                     = {1998},
  Number                   = {2},
  Pages                    = {319--340},
  Volume                   = {19},

  Publisher                = {SIAM}
}

@InProceedings{inproceedings,
  Title                    = {Flux-Vector Splitting for the Euler Equation},
  Author                   = {van Leer, Bram},
  Year                     = {1982},
  Month                    = {01},
  Volume                   = {170},

  Doi                      = {10.1007/3-540-11948-5_66},
  Journal                  = {Lecture Notes in Physics}
}

@Book{leveque2002finite,
  Title                    = {Finite volume methods for hyperbolic problems},
  Author                   = {LeVeque, Randall J},
  Publisher                = {Cambridge university press},
  Year                     = {2002},
  Volume                   = {31}
}

@Book{leveque1992numerical,
  Title                    = {Numerical methods for conservation laws},
  Author                   = {LeVeque, Randall J},
  Publisher                = {Springer},
  Year                     = {1992},
  Volume                   = {132}
}

@Article{liu2003positive,
  Title                    = {Positive schemes for solving multi-dimensional hyperbolic systems of conservation laws II},
  Author                   = {Liu, Xu-Dong and Lax, Peter D},
  Journal                  = {Journal of Computational Physics},
  Year                     = {2003},
  Number                   = {2},
  Pages                    = {428--440},
  Volume                   = {187},

  Publisher                = {Elsevier}
}

@InProceedings{rohde2001eigenvalues,
  Title                    = {Eigenvalues and eigenvectors of the Euler equations in general geometries},
  Author                   = {Rohde, Axel},
  Booktitle                = {15th AIAA Computational Fluid Dynamics Conference},
  Year                     = {2001},
  Pages                    = {2609}
}

@Book{toro2013riemann,
  Title                    = {Riemann solvers and numerical methods for fluid dynamics: a practical introduction},
  Author                   = {Toro, Eleuterio F},
  Publisher                = {Springer Science \& Business Media},
  Year                     = {2013}
}

@Article{toro1994restoration,
  Title                    = {Restoration of the contact surface in the HLL-Riemann solver},
  Author                   = {Toro, Eleuterio F and Spruce, Michael and Speares, William},
  Journal                  = {Shock waves},
  Year                     = {1994},
  Number                   = {1},
  Pages                    = {25--34},
  Volume                   = {4},

  Publisher                = {Springer}
}

@Book{vazquez2012numerical,
  Title                    = {Numerical methods for hyperbolic equations},
  Author                   = {V{\'a}zquez-Cend{\'o}n, Elena and Hidalgo, Arturo and Navarro, Pilar Garcia and Cea, Luis},
  Publisher                = {CRC Press},
  Year                     = {2012}
}

@InCollection{turek2011numerical,
  author    = {Turek, Stefan and Hron, J and Madlik, Martin and Razzaq, Mudassar and Wobker, Hilmar and Acker, Jens F},
  booktitle = {Fluid Structure Interaction II},
  publisher = {Springer},
  title     = {Numerical simulation and benchmarking of a monolithic multigrid solver for fluid-structure interaction problems with application to hemodynamics},
  year      = {2011},
  pages     = {193--220},
}

@Book{batra2006elements,
  author    = {Batra, Romesh C},
  publisher = {Aiaa},
  title     = {Elements of continuum mechanics},
  year      = {2006},
}

@InProceedings{Cheng2006SlidingFL,
  author    = {J. Cheng and G. Zhao and Zupeng Jia and Yibing Chen and S. Wang and Wanzhi Wen},
  booktitle = {International Conference on Computational Science},
  title     = {Sliding Free Lagrangian-Eulerian Finite Element Method},
  year      = {2006},
}

@Article{donea2017arbitrary,
  author    = {Donea, Jean and Huerta, Antonio and Ponthot, Jean-Philippe and Rodr{\'\i}guez-Ferran, Antonio},
  journal   = {Encyclopedia of Computational Mechanics Second Edition},
  title     = {Arbitrary L agrangian--E ulerian Methods},
  year      = {2017},
  pages     = {1--23},
  publisher = {Wiley Online Library},
}

@InCollection{XING201957,
  author    = {Jing Tang Xing},
  booktitle = {Fluid-Solid Interaction Dynamics},
  publisher = {Academic Press},
  title     = {Chapter 3 - Fundamentals of continuum mechanics},
  year      = {2019},
  editor    = {Jing Tang Xing},
  isbn      = {978-0-12-819352-5},
  pages     = {57 - 101},
  doi       = {https://doi.org/10.1016/B978-0-12-819352-5.00003-3},
  keywords  = {Continuum mechanics, Lagrange, Euler & ALE coordinates, laws of conservation, governing equations, FSI boundary conditions, surface tension, stress & deformation analysis, Sommerfeld system, Cauchy, Piola–Kirchhoff},
  url       = {http://www.sciencedirect.com/science/article/pii/B9780128193525000033},
}

@Article{lipton2010robustness,
  author    = {Lipton, Scott and Evans, John A and Bazilevs, Yuri and Elguedj, Thomas and Hughes, Thomas JR},
  journal   = {Computer Methods in Applied Mechanics and Engineering},
  title     = {Robustness of isogeometric structural discretizations under severe mesh distortion},
  year      = {2010},
  number    = {5-8},
  pages     = {357--373},
  volume    = {199},
  publisher = {Elsevier},
}

@Book{bertram2012elasticity,
  author    = {Bertram, Albrecht},
  publisher = {Springer},
  title     = {Elasticity and plasticity of large deformations},
  year      = {2012},
}

@Article{de2007mesh,
  author    = {De Boer, A and Van der Schoot, MS and Bijl, Hester},
  journal   = {Computers \& structures},
  title     = {Mesh deformation based on radial basis function interpolation},
  year      = {2007},
  number    = {11-14},
  pages     = {784--795},
  volume    = {85},
  publisher = {Elsevier},
}

@InProceedings{ramm1998fluid,
  author    = {Ramm, E and Wall, W},
  booktitle = {4th World Congress on Computational Mechanics: New Trends and Applications, CIMNE, Barcelona},
  title     = {Fluid-structure interaction based upon a stabilized (ALE) finite element method},
  year      = {1998},
  pages     = {1--20},
}

@Book{quartapelle2013fluidodinamicaI,
  author    = {Quartapelle, Luigi and Auteri, Franco},
  publisher = {Casa editrice ambrosiana},
  title     = {Fluidodinamica incomprimibile},
  year      = {2013},
}

@Misc{pope2001turbulent,
  author    = {Pope, Stephen B},
  title     = {Turbulent flows},
  year      = {2001},
  publisher = {IOP Publishing},
}

@Book{galdi2011introduction,
  author    = {Galdi, Giovanni},
  publisher = {Springer Science \& Business Media},
  title     = {An introduction to the mathematical theory of the Navier-Stokes equations: Steady-state problems},
  year      = {2011},
}

@Book{ogden1997non,
  author    = {Ogden, Raymond W},
  publisher = {Courier Corporation},
  title     = {Non-linear elastic deformations},
  year      = {1997},
}

@Book{hjelmstad2007fundamentals,
  author    = {Hjelmstad, Keith D},
  publisher = {Springer Science \& Business Media},
  title     = {Fundamentals of structural mechanics},
  year      = {2007},
}

@Article{ghiringhelli2008integrated,
  author    = {Ghiringhelli, Gian Luca and Masarati, Pierangelo and Morandini, Marco and Muffo, Davide},
  journal   = {Mechanics of Advanced Materials and Structures},
  title     = {Integrated aeroservoelastic analysis of induced strain rotor blades},
  year      = {2008},
  number    = {3-4},
  pages     = {291--306},
  volume    = {15},
  publisher = {Taylor \& Francis},
}

@Article{ghiringhelli2000multibody,
  author  = {Ghiringhelli, Gian Luca and Masarati, Pierangelo and Mantegazza, Paolo},
  journal = {AIAA journal},
  title   = {Multibody implementation of finite volume C$^0$ beams},
  year    = {2000},
  number  = {1},
  pages   = {131--138},
  volume  = {38},
}

@Article{hou2012numerical,
  author    = {Hou, Gene and Wang, Jin and Layton, Anita},
  journal   = {Communications in Computational Physics},
  title     = {Numerical methods for fluid-structure interaction—a review},
  year      = {2012},
  number    = {2},
  pages     = {337--377},
  volume    = {12},
  publisher = {Cambridge University Press},
}

@Article{HancheOlsen2004,
  author  = {Hanche-Olsen, Harald},
  journal = {NTNU: http://www. math. ntnu. no/\~{} hanche/notes/buckingham/buckingham-a4. pdf},
  title   = {Buckingham’s pi-theorem},
  year    = {2004},
}

@Article{hardtke2019buckingham,
  author  = {Hardtke, Jan-David},
  journal = {arXiv preprint arXiv:1912.08744},
  title   = {On Buckingham's $\Pi$-Theorem},
  year    = {2019},
}

@Book{longo2011analisi,
  author    = {Longo, Sandro},
  publisher = {Springer Science \& Business Media},
  title     = {Analisi Dimensionale e Modellistica Fisica: Principi e applicazioni alle scienze ingegneristiche},
  year      = {2011},
}

@InBook{fox2020fox,
  author    = {Fox, Robert W and McDonald, Alan T and Mitchell, John W},
  publisher = {John Wiley \& Sons},
  title     = {Fox and McDonald's introduction to fluid mechanics},
  year      = {2011},
  chater    = {7},
}

@Book{de2001fluides,
  author    = {De Langre, Emmanuel},
  publisher = {Editions Ecole Polytechnique},
  title     = {Fluides et solides},
  year      = {2001},
}

@Book{richter2017fluid,
  author    = {Richter, Thomas},
  publisher = {Springer},
  title     = {Fluid-structure interactions: models, analysis and finite elements},
  year      = {2017},
  volume    = {118},
}

@Article{hubner2004monolithic,
  author    = {H{\"u}bner, Bj{\"o}rn and Walhorn, Elmar and Dinkler, Dieter},
  journal   = {Computer methods in applied mechanics and engineering},
  title     = {A monolithic approach to fluid--structure interaction using space--time finite elements},
  year      = {2004},
  number    = {23-26},
  pages     = {2087--2104},
  volume    = {193},
  publisher = {Elsevier},
}

@Article{ryzhakov2010monolithic,
  author    = {Ryzhakov, PB and Rossi, Riccardo and Idelsohn, SR and O{\~n}ate, Eugenio},
  journal   = {Computational mechanics},
  title     = {A monolithic Lagrangian approach for fluid--structure interaction problems},
  year      = {2010},
  number    = {6},
  pages     = {883--899},
  volume    = {46},
  publisher = {Springer},
}

@Article{degroote2009performance,
  author    = {Degroote, Joris and Bathe, Klaus-J{\"u}rgen and Vierendeels, Jan},
  journal   = {Computers \& Structures},
  title     = {Performance of a new partitioned procedure versus a monolithic procedure in fluid--structure interaction},
  year      = {2009},
  number    = {11-12},
  pages     = {793--801},
  volume    = {87},
  publisher = {Elsevier},
}

@Article{farhat2006provably,
  author    = {Farhat, Charbel and Van der Zee, Kristoffer G and Geuzaine, Philippe},
  journal   = {Computer methods in applied mechanics and engineering},
  title     = {Provably second-order time-accurate loosely-coupled solution algorithms for transient nonlinear computational aeroelasticity},
  year      = {2006},
  number    = {17-18},
  pages     = {1973--2001},
  volume    = {195},
  publisher = {Elsevier},
}

@Article{mehl2016parallel,
  author    = {Mehl, Miriam and Uekermann, Benjamin and Bijl, Hester and Blom, David and Gatzhammer, Bernhard and Van Zuijlen, Alexander},
  journal   = {Computers \& Mathematics with Applications},
  title     = {Parallel coupling numerics for partitioned fluid--structure interaction simulations},
  year      = {2016},
  number    = {4},
  pages     = {869--891},
  volume    = {71},
  publisher = {Elsevier},
}

@Article{van2009added,
  author    = {van Brummelen, E Harald},
  journal   = {Journal of Applied mechanics},
  title     = {Added mass effects of compressible and incompressible flows in fluid-structure interaction},
  year      = {2009},
  number    = {2},
  volume    = {76},
  publisher = {American Society of Mechanical Engineers Digital Collection},
}

@Article{irons1969version,
  author    = {Irons, Bruce M and Tuck, Robert C},
  journal   = {International Journal for Numerical Methods in Engineering},
  title     = {A version of the Aitken accelerator for computer iteration},
  year      = {1969},
  number    = {3},
  pages     = {275--277},
  volume    = {1},
  publisher = {Wiley Online Library},
}

@Article{kuttler2008fixed,
  author    = {K{\"u}ttler, Ulrich and Wall, Wolfgang A},
  journal   = {Computational mechanics},
  title     = {Fixed-point fluid--structure interaction solvers with dynamic relaxation},
  year      = {2008},
  number    = {1},
  pages     = {61--72},
  volume    = {43},
  publisher = {Springer},
}

@PhdThesis{uekermann2016partitioned,
  author = {Uekermann, Benjamin Walter},
  school = {Technische Universit{\"a}t M{\"u}nchen},
  title  = {Partitioned fluid-structure interaction on massively parallel systems},
  year   = {2016},
}

@Article{bungartz2016precice,
  author    = {Bungartz, Hans-Joachim and Lindner, Florian and Gatzhammer, Bernhard and Mehl, Miriam and Scheufele, Klaudius and Shukaev, Alexander and Uekermann, Benjamin},
  journal   = {Computers \& Fluids},
  title     = {preCICE--a fully parallel library for multi-physics surface coupling},
  year      = {2016},
  pages     = {250--258},
  volume    = {141},
  publisher = {Elsevier},
}

@InProceedings{uekermann2017official,
  author    = {Uekermann, Benjamin and Bungartz, Hans-Joachim and Cheung Yau, Lucia and Chourdakis, Gerasimos and Rusch, Alexander},
  booktitle = {Proceedings of the 7th GACM Colloquium on Computational Mechanics for Young Scientists from Academia},
  title     = {Official preCICE adapters for standard open-source solvers},
  year      = {2017},
}

@Article{haelterman2009quasi,
  author    = {Haelterman, Rob and Degroote, Joris and Van Heule, Dirk and Vierendeels, Jan},
  journal   = {SIAM Journal on numerical analysis},
  title     = {The quasi-Newton least squares method: a new and fast secant method analyzed for linear systems},
  year      = {2009},
  number    = {3},
  pages     = {2347--2368},
  volume    = {47},
  publisher = {SIAM},
}

@InCollection{blom2016review,
  author    = {Blom, David and Lindner, Florian and Mehl, Miriam and Scheufele, Klaudius and Uekermann, Benjamin and van Zuijlen, Alexander},
  booktitle = {Advances in Computational Fluid-Structure Interaction and Flow Simulation},
  publisher = {Springer},
  title     = {A Review on Fast Quasi-Newton and Accelerated Fixed-Point Iterations for Partitioned Fluid--Structure Interaction Simulation},
  year      = {2016},
  pages     = {257--269},
}

@InProceedings{uekermann2013parallel,
  author    = {Uekermann, Benjamin and Bungartz, Hans-Joachim and Gatzhammer, Bernhard and Mehl, Miriam},
  booktitle = {Proceedings of 5th International Conference on Computational Methods for Coupled Problems in Science and Engineering},
  title     = {A parallel, black-box coupling algorithm for fluid-structure interaction},
  year      = {2013},
  pages     = {1--12},
}

@InProceedings{lindner2015comparison,
  author    = {Lindner, Florian and Mehl, Miriam and Scheufele, Klaudius and Uekermann, Benjamin},
  booktitle = {Proceedings of 6th International Conference on Computational Methods for Coupled Problems in Science and Engineering, Venice},
  title     = {A comparison of various quasi-Newton schemes for partitioned fluid-structure interaction},
  year      = {2015},
  pages     = {1--12},
}

@Article{haelterman2016improving,
  author    = {Haelterman, Rob and Bogaers, Alfred EJ and Scheufele, K and Uekermann, B and Mehl, Miriam},
  journal   = {Computers \& Structures},
  title     = {Improving the performance of the partitioned QN-ILS procedure for fluid--structure interaction problems: Filtering},
  year      = {2016},
  pages     = {9--17},
  volume    = {171},
  publisher = {Elsevier},
}

@InCollection{kajishima2017immersed,
  author    = {Kajishima, Takeo and Taira, Kunihiko},
  booktitle = {Computational Fluid Dynamics},
  publisher = {Springer},
  title     = {Immersed boundary methods},
  year      = {2017},
  pages     = {179--205},
}

@Article{van2007comparison,
  author    = {van Loon, Raoul and Anderson, Patrick D and van de Vosse, Frans N and Sherwin, Spencer J},
  journal   = {Computers \& structures},
  title     = {Comparison of various fluid--structure interaction methods for deformable bodies},
  year      = {2007},
  number    = {11-14},
  pages     = {833--843},
  volume    = {85},
  publisher = {Elsevier},
}

@Article{degand2002three,
  author    = {Degand, Christoph and Farhat, Charbel},
  journal   = {Computers \& structures},
  title     = {A three-dimensional torsional spring analogy method for unstructured dynamic meshes},
  year      = {2002},
  number    = {3-4},
  pages     = {305--316},
  volume    = {80},
  publisher = {Elsevier},
}

@Article{gonzalez2009mesh,
  author  = {Gonz{\'a}lez, Andreu Oliver and Vallier, Aur{\'e}lia and Nilsson, H{\aa}kan},
  journal = {PhD course in CFD with OpenSource software},
  title   = {Mesh motion alternatives in OpenFOAM},
  year    = {2009},
}

@Article{lindner2017radial,
  author    = {Lindner, Florian and Mehl, Miriam and Uekermann, Benjamin},
  title     = {Radial basis function interpolation for black-box multi-physics simulations},
  year      = {2017},
  publisher = {CIMNE},
}

@Article{causin2005added,
  author    = {Causin, Paola and Gerbeau, Jean-Fr{\'e}d{\'e}ric and Nobile, Fabio},
  journal   = {Computer methods in applied mechanics and engineering},
  title     = {Added-mass effect in the design of partitioned algorithms for fluid--structure problems},
  year      = {2005},
  number    = {42-44},
  pages     = {4506--4527},
  volume    = {194},
  publisher = {Elsevier},
}

@InProceedings{forster2006artificial,
  author       = {F{\"o}rster, Christiane and Wall, Wolfgang A and Ramm, Ekkehard},
  booktitle    = {ECCOMAS CFD 2006: Proceedings of the European Conference on Computational Fluid Dynamics, Egmond aan Zee, The Netherlands, September 5-8, 2006},
  title        = {The artificial added mass effect in sequential staggered fluid-structure interaction algorithms},
  year         = {2006},
  organization = {Delft University of Technology; European Community on Computational Methods~…},
}

@Article{degroote2008stability,
  author    = {Degroote, Joris and Bruggeman, Peter and Haelterman, Robby and Vierendeels, Jan},
  journal   = {Computers \& Structures},
  title     = {Stability of a coupling technique for partitioned solvers in FSI applications},
  year      = {2008},
  number    = {23-24},
  pages     = {2224--2234},
  volume    = {86},
  publisher = {Elsevier},
}

@InProceedings{chen1976added,
  author    = {Chen, SS and Wambsganss, MW t and Jendrzejczyk, JA},
  booktitle = {asme},
  title     = {Added mass and damping of a vibrating rod in confined viscous fluids},
  year      = {1976},
}

@Article{conca1997added,
  author    = {Conca, CARLOS and Osses, A and Planchard, JACQUES},
  journal   = {Computer methods in applied mechanics and engineering},
  title     = {Added mass and damping in fluid-structure interaction},
  year      = {1997},
  number    = {3-4},
  pages     = {387--405},
  volume    = {146},
  publisher = {Elsevier},
}

@Article{gauthier2017numerical,
  author    = {Gauthier, JP and Giroux, AM and Etienne, S and Gosselin, FP},
  journal   = {Journal of Fluids and Structures},
  title     = {A numerical method for the determination of flow-induced damping in hydroelectric turbines},
  year      = {2017},
  pages     = {341--354},
  volume    = {69},
  publisher = {Elsevier},
}

@Article{ricciardi2015modelling,
  author    = {Ricciardi, Guillaume and Boccaccio, Eric},
  journal   = {Nuclear Engineering and Design},
  title     = {Modelling of the flow induced stiffness of a PWR fuel assembly},
  year      = {2015},
  pages     = {8--14},
  volume    = {282},
  publisher = {Elsevier},
}

@InBook{bodnar2014fluid,
  author    = {Bodn{\'a}r, Tom{\'a}{\v{s}} and Galdi, Giovanni P and Ne{\v{c}}asov{\'a}, {\v{S}}{\'a}rka},
  chapter   = {13},
  publisher = {Springer},
  title     = {Fluid-structure interaction and biomedical applications},
  year      = {2014},
}

@PhdThesis{gatzhammer2014efficient,
  author = {Gatzhammer, Bernhard},
  school = {Technische Universit{\"a}t M{\"u}nchen},
  title  = {Efficient and flexible partitioned simulation of fluid-structure interactions},
  year   = {2014},
}

@MastersThesis{Shukaev2015,
  author = {Shukaev, Alexander K},
  school = {Technische Universitt München},
  title  = {A Fully Parallel Process-to-Process Intercommunication Technique for preCICE.},
  year   = {2015},
  month  = jun,
}

@Article{masarati2014efficient,
  author    = {Masarati, Pierangelo and Morandini, Marco and Mantegazza, Paolo},
  journal   = {Journal of Computational and Nonlinear Dynamics},
  title     = {An efficient formulation for general-purpose multibody/multiphysics analysis},
  year      = {2014},
  number    = {4},
  volume    = {9},
  publisher = {American Society of Mechanical Engineers Digital Collection},
}

@Article{masarati2013formulation,
  author    = {Masarati, Pierangelo},
  journal   = {Multibody System Dynamics},
  title     = {A formulation of kinematic constraints imposed by kinematic pairs using relative pose in vector form},
  year      = {2013},
  number    = {2},
  pages     = {119--137},
  volume    = {29},
  publisher = {Springer},
}

@Article{hodges1990review,
  author  = {Hodges, Dewey H},
  journal = {AIAA journal},
  title   = {Review of composite rotor blade modeling},
  year    = {1990},
  number  = {3},
  pages   = {561--565},
  volume  = {28},
}

@Article{giavotto1983anisotropic,
  author    = {Giavotto, Vittorio and Borri, Marco and Mantegazza, Paolo and Ghiringhelli, Gianluca and Carmaschi, V and Maffioli, GC and Mussi, F},
  journal   = {Computers \& Structures},
  title     = {Anisotropic beam theory and applications},
  year      = {1983},
  number    = {1-4},
  pages     = {403--413},
  volume    = {16},
  publisher = {Elsevier Science},
}

@Article{kim2013development,
  author    = {Kim, Taeseong and Hansen, Anders M and Branner, Kim},
  journal   = {Renewable Energy},
  title     = {Development of an anisotropic beam finite element for composite wind turbine blades in multibody system},
  year      = {2013},
  pages     = {172--183},
  volume    = {59},
  publisher = {Elsevier},
}

@Article{matthies2003partitioned,
  author    = {Matthies, Hermann G and Steindorf, Jan},
  journal   = {Computers \& structures},
  title     = {Partitioned strong coupling algorithms for fluid--structure interaction},
  year      = {2003},
  number    = {8-11},
  pages     = {805--812},
  volume    = {81},
  publisher = {Elsevier},
}

@Article{dettmer2006computational,
  author    = {Dettmer, W and Peri{\'c}, D},
  journal   = {Computer Methods in Applied Mechanics and Engineering},
  title     = {A computational framework for fluid--rigid body interaction: finite element formulation and applications},
  year      = {2006},
  number    = {13-16},
  pages     = {1633--1666},
  volume    = {195},
  publisher = {Elsevier},
}

@Article{habchi2013partitioned,
  author    = {Habchi, Charbel and Russeil, Serge and Bougeard, Daniel and Harion, Jean-Luc and Lemenand, Thierry and Ghanem, Akram and Della Valle, Dominique and Peerhossaini, Hassan},
  journal   = {Computers \& Fluids},
  title     = {Partitioned solver for strongly coupled fluid--structure interaction},
  year      = {2013},
  pages     = {306--319},
  volume    = {71},
  publisher = {Elsevier},
}

@Article{wood2010partitioned,
  author    = {Wood, C and Gil, AJ and Hassan, O and Bonet, J},
  journal   = {Computers \& structures},
  title     = {Partitioned block-Gauss--Seidel coupling for dynamic fluid--structure interaction},
  year      = {2010},
  number    = {23-24},
  pages     = {1367--1382},
  volume    = {88},
  publisher = {Elsevier},
}

@Article{kassiotis2011nonlinear,
  author    = {Kassiotis, Christophe and Ibrahimbegovic, Adnan and Niekamp, Rainer and Matthies, Hermann G},
  journal   = {Computational Mechanics},
  title     = {Nonlinear fluid--structure interaction problem. Part I: implicit partitioned algorithm, nonlinear stability proof and validation examples},
  year      = {2011},
  number    = {3},
  pages     = {305--323},
  volume    = {47},
  publisher = {Springer},
}

@Article{froehle2014high,
  author    = {Froehle, Bradley and Persson, Per-Olof},
  journal   = {Journal of Computational Physics},
  title     = {A high-order discontinuous Galerkin method for fluid--structure interaction with efficient implicit--explicit time stepping},
  year      = {2014},
  pages     = {455--470},
  volume    = {272},
  publisher = {Elsevier},
}

@InCollection{olivier2009fluid,
  author    = {Olivier, Mathieu and Morissette, Jean-Francois and Dumas, Guy},
  booktitle = {19th AIAA Computational Fluid Dynamics},
  title     = {A fluid-structure interaction solver for nano-air-vehicle flapping wings},
  year      = {2009},
  pages     = {3676},
}

@InProceedings{walhorn2002space,
  author       = {Walhorn, E and H{\"u}bner, B and Dinkler, D},
  booktitle    = {PAMM: Proceedings in Applied Mathematics and Mechanics},
  title        = {Space-Time Finite Elements for Fluid-Structure Interaction},
  year         = {2002},
  number       = {1},
  organization = {Wiley Online Library},
  pages        = {81--82},
  volume       = {1},
}

@InCollection{turek2006proposal,
  author    = {Turek, Stefan and Hron, Jaroslav},
  booktitle = {Fluid-structure interaction},
  publisher = {Springer},
  title     = {Proposal for numerical benchmarking of fluid-structure interaction between an elastic object and laminar incompressible flow},
  year      = {2006},
  pages     = {371--385},
}

@MastersThesis{gjertsen2017development,
  author = {Gjertsen, Sebastian},
  title  = {Development of a Verified and Validated Computational Framework for Fluid-Structure Interaction: Investigating Lifting Operators and Numerical Stability},
  year   = {2017},
}

@InCollection{richter2015time,
  author    = {Richter, Thomas and Wick, Thomas},
  booktitle = {Multiple Shooting and Time Domain Decomposition Methods},
  publisher = {Springer},
  title     = {On time discretizations of fluid-structure interactions},
  year      = {2015},
  pages     = {377--400},
}

@Article{turek2010numerical,
  author  = {Turek, Stefan and Hron, Jaroslav and Razzaq, Mudassar},
  journal = {Universit{\"a}tsbibliothek Dortmund},
  title   = {Numerical benchmarking of fluid-structure interaction between elastic object and laminar incompressible flow},
  year    = {2010},
}

@InProceedings{degroote2009interface,
  author       = {Degroote, J and Haelterman, R and Annerel, S and Swillens, A and Segers, P and Vierendeels, J},
  booktitle    = {International Workshop on Fluid-Structure Interaction. Theory, Numerics and Applications},
  title        = {An interface quasi-Newton algorithm for partitioned simulation of fluid-structure interaction},
  year         = {2009},
  organization = {kassel university press GmbH},
  pages        = {55},
}

@InCollection{hong2001fluid,
  author    = {Hong, Jun-Ho and Arai, Norio},
  booktitle = {Computational Fluid Dynamics 2000},
  publisher = {Springer},
  title     = {Fluid-Structure Interaction under the Vortex Lock-in Regime},
  year      = {2001},
  pages     = {601--606},
}

@Article{qin2017direct,
  author    = {Qin, Zhipeng and Suckale, Jenny},
  journal   = {International Journal of Multiphase Flow},
  title     = {Direct numerical simulations of gas--solid--liquid interactions in dilute fluids},
  year      = {2017},
  pages     = {34--47},
  volume    = {96},
  publisher = {Elsevier},
}

@Article{heathcote2008effect,
  author    = {Heathcote, Sam and Wang, Z and Gursul, Ismet},
  journal   = {Journal of Fluids and Structures},
  title     = {Effect of spanwise flexibility on flapping wing propulsion},
  year      = {2008},
  number    = {2},
  pages     = {183--199},
  volume    = {24},
  publisher = {Elsevier},
}

@InProceedings{quaranta2005conservative,
  author    = {Quaranta, Giuseppe and Masarati, Pierangelo and Mantegazza, Paolo},
  booktitle = {International Conference for Coupled Problems in Science and Engineering, Greece},
  title     = {A conservative mesh-free approach for fluid-structure interface problems},
  year      = {2005},
}

@Article{bauchau2016validation,
  author    = {Bauchau, Olivier A and Betsch, Peter and Cardona, Alberto and Gerstmayr, Johannes and Jonker, Ben and Masarati, Pierangelo and Sonneville, Valentin},
  journal   = {Multibody system dynamics},
  title     = {Validation of flexible multibody dynamics beam formulations using benchmark problems},
  year      = {2016},
  number    = {1},
  pages     = {29--48},
  volume    = {37},
  publisher = {Springer},
}

@InProceedings{cocco2020simulation,
  author    = {Cocco, Alessandro and Savino, Alberto and Montagnani, Davide and Tugnoli, Matteo and Guerroni, Federico and Palazzi, Michele and Zanoni, Andrea and Zanotti, Alex and Muscarello, Vincenzo},
  booktitle = {46th European Rotorcraft Forum (ERF 2020)},
  title     = {Simulation of Tiltrotor Maneuvers by a Coupled Multibody-Mid Fidelity Aerodynamic Solver},
  year      = {2020},
  pages     = {1--8},
}

@Article{cavagna2007towards,
  author = {Cavagna, Luca and Masarati, Pierangelo and Quaranta, Giuseppe and Mantegazza, Paolo},
  title  = {Towards a Comprehensive Environment for Aeroservoelastic analysis in Edge flow solver},
  year   = {2007},
}

@article{tang2007instability,
  title={On the instability and the post-critical behaviour of two-dimensional cantilevered flexible plates in axial flow},
  author={Tang, Liaosha and Pa{\i}, Michael P and others},
  journal={Journal of Sound and Vibration},
  volume={305},
  number={1-2},
  pages={97--115},
  year={2007},
  publisher={Elsevier}
}

@inbook{turekhron2010numbench,
author = {Turek, Stefan and Hron, Jaroslav and Razzaq, Mudassar and Wobker, H. and Schäfer, M.},
year = {2010},
month = {09},
pages = {413-424},
title = {Numerical Benchmarking of Fluid-Structure Interaction: A Comparison of Different Discretization and Solution Approaches},
volume = {73},
isbn = {978-3-642-14205-5},
journal = {Lecture Notes in Computational Science and Engineering},
doi = {10.1007/978-3-642-14206-2_15}
}

@inbook{turekhron2010hemo,
author = {Turek, Stefan and Hron, Jaroslav and Mádlík, M. and Razzaq, Mudassar and Wobker, H. and Acker, J.},
year = {2010},
month = {09},
pages = {193-220},
title = {Numerical Simulation and Benchmarking of a Monolithic Multigrid Solver for Fluid-Structure Interaction Problems with Application to Hemodynamics},
volume = {73},
isbn = {978-3-642-14205-5},
journal = {Lecture Notes in Computational Science and Engineering},
doi = {10.1007/978-3-642-14206-2_8}
}

@incollection{ZIENKIEWICZ2014423,
title = {Chapter 13 - Fluid–Structure Interaction},
editor = {O.C. Zienkiewicz and R.L. Taylor and P. Nithiarasu},
booktitle = {The Finite Element Method for Fluid Dynamics (Seventh Edition)},
publisher = {Butterworth-Heinemann},
edition = {Seventh Edition},
address = {Oxford},
pages = {423-449},
year = {2014},
isbn = {978-1-85617-635-4},
doi = {https://doi.org/10.1016/B978-1-85617-635-4.00013-3},
url = {https://www.sciencedirect.com/science/article/pii/B9781856176354000133},
author = {O.C. Zienkiewicz and R.L. Taylor and P. Nithiarasu},
keywords = {one-dimensional, flexible tubes, multidimensional problems, monolithic and segregated approaches, strong coupling, mesh moving, spring analogy, partial differential equations for mesh moving},
abstract = {This chapter provides a brief introduction to the vast area of fluid–structure interaction. The topics covered include flexible tubes and multidimensional problems of fluid-structure interaction. Both the monolithic and segregated approaches are discussed along with some important mesh moving strategies.}
}

@InProceedings{caccia2021coupling,
  author  = {Caccia, Claudio Giovanni and Masarati, Pierangelo},
  title   = {Coupling multi-body and fluid dynamics analysis with preCICE and MBDyn},
  year    = {2021},
  pages   = {to appear},
  month   = {06},
  journal = {COUPLED PROBLEMS 2021 - Proceedings of the 9th International Conference on Coupled Problems in Science and Engineering},
}

@Comment{jabref-meta: databaseType:bibtex;}
